@article{welker1999lcm,
  title={The lcm-lattice in monomial resolutions},
  author={Welker, Vesselin Gasharov Irena Peeva Volkmar},
  journal={Mathematical Research Letters},
  volume={6},
  pages={521--532},
  year={1999},
  publisher={Citeseer}
}

@article{RalfFröberg1990,
author = {Ralf Fröberg},
journal = {Banach Center Publications},
keywords = {chordal graph; linear syzygies; finite simplicial complex; Stanley- Reisner ring; Hilbert series; non-Cohen-Macaulay ring},
language = {eng},
number = {2},
pages = {57-70},
title = {On Stanley-Reisner rings},
url = {http://eudml.org/doc/268115},
volume = {26},
year = {1990},
}

@book{stanley1996combinatorics,
  title={Combinatorics and commutative algebra},
  author={Stanley, Richard P},
  year={1996},
  publisher={Springer}
}

@incollection{francisco2014survey,
  title={A survey of Stanley--Reisner theory},
  author={Francisco, Christopher A and Mermin, Jeffrey and Schweig, Jay},
  booktitle={Connections between algebra, combinatorics, and geometry},
  pages={209--234},
  year={2014},
  publisher={Springer}
}

@article{kozlov1999complexes,
  title={Complexes of directed trees},
  author={Kozlov, Dmitry N},
  journal={Journal of Combinatorial Theory, Series A},
  volume={88},
  number={1},
  pages={112--122},
  year={1999},
  publisher={Elsevier}
}

@article{woodroofe2014matchings,
  title={Matchings, coverings, and Castelnuovo-Mumford regularity},
  author={Woodroofe, Russ},
  journal={Journal of Commutative Algebra},
  volume={6},
  number={2},
  pages={287--304},
  year={2014},
  publisher={JSTOR}
}

@book{kozlov2008combinatorial,
  title={Combinatorial algebraic topology},
  author={Kozlov, Dmitry},
  year={2008},
  publisher={Springer}
}


@article{bouchat,
  title={Matchings, coverings, and Castelnuovo-Mumford regularity},
  author={Woodroofe, Russ},
  journal={Journal of Commutative Algebra},
  volume={2},
  number={1},
  pages={1--35},
  year={2010},
  publisher={JSTOR}
}

@article{hochster1977cohen,
  title={Cohen-Macaulay rings, combinatorics, and simplicial complexes, in" Ring Theory II"},
  author={Hochster, Melvin},
  journal={Lect. Notes in Pure Appl. Math.},
  number={26},
  pages={171--223},
  year={1977},
  publisher={Dekker}
}